<?xml version="1.0" encoding="UTF-8"?><collection xmlns="http://www.loc.gov/MARC21/slim"><record><leader>00450nam--2200145-i-4500</leader><controlfield tag="001">000001004</controlfield><controlfield tag="002">20161230</controlfield><controlfield tag="005">20161230201024</controlfield><controlfield tag="008">060222s1000------------r-----000-0-eng-d</controlfield><datafield ind1=" " ind2=" " tag="080"><subfield code="a">547.9</subfield></datafield><datafield ind1=" " ind2=" " tag="100"><subfield code="a">Hendrickson,James B</subfield></datafield><datafield ind1=" " ind2=" " tag="245"><subfield code="a">The molecules of nature.a survey of the biosynthesis and chemistry of naturel products</subfield></datafield><datafield ind1=" " ind2=" " tag="260"><subfield code="a">New York, W.A.Benjamin Inc., 1965. Xiii + 189p</subfield></datafield><datafield ind1=" " ind2=" " tag="490"><subfield code="a">The Organic Chemistry Monograph Series</subfield></datafield><datafield ind1=" " ind2=" " tag="852"><subfield code="a">77318</subfield></datafield></record></collection>